<?xml version="1.0" encoding="UTF-8"?><collection xmlns="http://www.loc.gov/MARC21/slim"><record><leader>00429nam--2200133-i-4500</leader><controlfield tag="001">000018392</controlfield><controlfield tag="002">20161230</controlfield><controlfield tag="005">20161230201032</controlfield><controlfield tag="008">060222s1000------------r-----000-0-eng-d</controlfield><datafield ind1=" " ind2=" " tag="100"><subfield code="a">Elberg, S</subfield></datafield><datafield ind1=" " ind2=" " tag="245"><subfield code="a">Reperage aux ultrasons de la position de l  apparition des premieres bulles de vapeur, dans un canal a ebullition</subfield></datafield><datafield ind1=" " ind2=" " tag="260"><subfield code="a">Grenoble, Centre D Etudes Nucleaires, 1959. 9 P.+ 7 Pl</subfield></datafield><datafield ind1=" " ind2=" " tag="490"><subfield code="a">Repport Tt No.3</subfield></datafield><datafield ind1=" " ind2=" " tag="852"><subfield code="a">7147</subfield></datafield></record></collection>